<record><leader>00000cas a22000007a 4500</leader><controlfield tag="001">14763873</controlfield><controlfield tag="008">861118d18771964iauwr ne      0    0eng d</controlfield><datafield ind1=" " ind2=" " tag="010"><subfield code="a">sn 87057431 </subfield></datafield><datafield ind1=" " ind2=" " tag="040"><subfield code="a">INP</subfield><subfield code="b">eng</subfield><subfield code="c">INP</subfield><subfield code="d">OCLCQ</subfield></datafield><datafield ind1=" " ind2=" " tag="042"><subfield code="a">msc</subfield></datafield><datafield ind1="0" ind2=" " tag="130"><subfield code="a">Shelby news (Shelby, Iowa)</subfield></datafield><datafield ind1="1" ind2="4" tag="245"><subfield code="a">The Shelby news.</subfield></datafield><datafield ind1=" " ind2=" " tag="260"><subfield code="a">Shelby, Shelby County, Iowa :</subfield><subfield code="b">E.L. Heath,</subfield><subfield code="c">-1964.</subfield></datafield><datafield ind1=" " ind2=" " tag="300"><subfield code="a">v. :</subfield><subfield code="b">ill.</subfield></datafield><datafield ind1=" " ind2=" " tag="310"><subfield code="a">Weekly</subfield></datafield><datafield ind1="1" ind2=" " tag="362"><subfield code="a">Began in Apr. 1877.</subfield><subfield code="z">Cf. Bibl. of Iowa newspapers.</subfield></datafield><datafield ind1="0" ind2=" " tag="362"><subfield code="a">-v. 88, no. 57 (Dec. 31, 1964).</subfield></datafield><datafield ind1=" " ind2=" " tag="500"><subfield code="a">Publisher varies.</subfield></datafield><datafield ind1=" " ind2=" " tag="588"><subfield code="a">Description based on: Vol. 1, no. 37 (Nov. 29, 1877).</subfield></datafield><datafield ind1=" " ind2=" " tag="752"><subfield code="a">United States</subfield><subfield code="b">Iowa</subfield><subfield code="c">Shelby</subfield><subfield code="d">Shelby.</subfield></datafield><datafield ind1="0" ind2="7" tag="785"><subfield code="t">Minden news</subfield></datafield><datafield ind1="0" ind2="7" tag="785"><subfield code="t">Minden-Shelby news</subfield><subfield code="w">(DLC)sn 87057436</subfield></datafield></record>